@BOOK{LAMPOR94,
  AUTHOR       = {Leslie Lamport},
  TITLE        = {{LaTeX}: A Document Preparation System, },
  YEAR         = {1994},
  PUBLISHER    = {Addison-Wesley},
  edition      = {2nd Edition},
}


@inproceedings{wang2011action,
  title = {Action recognition by dense trajectories},
<<<<<<< HEAD
  author={Heng Wang and Alexander Kl{\"a}ser and Cordelia Schmid and Cheng-Lin Liu},
=======
  author = {Wang, Heng and Kl{\"a}ser, Alexander and Schmid, Cordelia and Liu, Cheng-Lin},
>>>>>>> refs/remotes/rangarodrigo/master
  booktitle = {Proceedings of the IEEE Conference on Computer Vision and Pattern Recognition (CVPR)},
  address  = {Colorado Springs, CO},
  series = {CVPR '11},
  year = {2011},
  month = {Jun},
  isbn = {978-1-4577-0394-2},
  pages = {3169--3176},
  %url =  {http://dx.doi.org/10.1109/CVPR.2011.5995407},
  doi = {10.1109/CVPR.2011.5995407},
  organization = {IEEE}
}

@inproceedings{wang2013action,
  title = {Action recognition with improved trajectories},
<<<<<<< HEAD
  author={Heng Wang and Cordelia Schmid},
=======
  author = {Wang, Heng and Schmid, Cordelia},
>>>>>>> refs/remotes/rangarodrigo/master
  booktitle = {Proceedings of the IEEE International Conference on Computer Vision (ICCV)},
  address  = {Sydney, AUS},
  %URL =  {https://hal.inria.fr/hal-00873267},
  PAGES = {3551--3558},
  YEAR = {2013},
  month = {Nov},
  DOI = {10.1109/ICCV.2013.441},
  organization = {IEEE}
}


@INPROCEEDINGS{7486474,
<<<<<<< HEAD
author={Sameera Ramasinghe and Ranga Rodrigo},
=======
author = {S. Ramasinghe and R. Rodrigo},
>>>>>>> refs/remotes/rangarodrigo/master
booktitle = {3rd IAPR Asian Conference on Pattern Recognition (ACPR)},
title = {Action recognition by single stream convolutional neural networks: An approach using combined motion and static information},
address  = {Kuala Lumpur, MAS},
year = {2015},
pages = {101-105},
keywords = {feature extraction;gesture recognition;neural nets;Youtube dataset;action recognition;combined motion and static information;feature extraction;feature maps;optic flows;single stream convolutional neural networks;Data mining;Feature extraction;Neural networks;Optical imaging;Training;Videos;YouTube},
doi = {10.1109/ACPR.2015.7486474},
month = {Nov}
}

@inproceedings{girshick2014rich,
    title = {Rich Feature Hierarchies for Accurate Object Detection and Semantic Segmentation},
<<<<<<< HEAD
    author={Ross Girshick and Jeff Donahue and Trevor Darrell and Jitendra Malik},
=======
    author = {R. Girshick and J. Donahue and T. Darrell and J. Malik},
>>>>>>> refs/remotes/rangarodrigo/master
    booktitle = {Proceedings of the IEEE Conference on Computer Vision and Pattern Recognition (CVPR)},
    address  = {Columbus, OH},
    year = {2014},
    pages = {580--587},
    keywords = {image segmentation;neural nets;object detection;R-CNN;auxiliary task;bottom-up region proposal;canonical PASCAL VOC dataset;detection algorithm;domain-specific fine-tuning;high-capacity convolutional neural network;image features;labeled training data;low-level image feature;mAP;mean average precision;object detection performance;performance boost;rich feature hierarchy;segment objects;semantic segmentation;source code;supervised pretraining;Feature extraction;Object detection;Proposals;Support vector machines;Training;Vectors;Visualization},
    doi = {10.1109/CVPR.2014.81},
    ISSN = {1063-6919},
    month = {June}
}

@inproceedings{krizhevsky2012imagenet,
  title = {Imagenet classification with deep convolutional neural networks},
<<<<<<< HEAD
  author={Alex Krizhevsky and Ilya Sutskever and Geoffrey Hinton},
  booktitle = {Advances in Neural Information Processing Systems (NIPS)},
  year = {2012},
  month={Dec},
=======
  author = {Krizhevsky, Alex and Sutskever, Ilya and Hinton, Geoffrey E},
  booktitle = {Advances in Neural Information Processing Systems (NIPS)},
  year = {2012},
>>>>>>> refs/remotes/rangarodrigo/master
  address  = {Lake Tahoe, NV},
  pages = {1097--1105},
  %url =  {http://papers.nips.cc/paper/4824-imagenet-classification-with-deep-convolutional-neural-networks.pdf}
}

@inproceedings{chaudhry2009histograms,
  title = {Histograms of oriented optical flow and binet-cauchy kernels on nonlinear dynamical systems for the recognition of human actions},
<<<<<<< HEAD
  author={Rizwan Chaudhry and Avinash Ravichandran and Gregory Hager and Ren{\'e} Vidal},
  booktitle = {Proceedings of the IEEE Conference on Computer Vision and Pattern Recognition (CVPR)},
  year = {2009},
  month= {Jun},
=======
  author = {Chaudhry, Rizwan and Ravichandran, Avinash and Hager, Gregory and Vidal, Ren{\'e}},
  booktitle = {Proceedings of the IEEE Conference on Computer Vision and Pattern Recognition (CVPR)},
  year = {2009},
>>>>>>> refs/remotes/rangarodrigo/master
  address  = {Miami, FL},
  pages = {1932--1939},
  organization = {IEEE}
}

@misc{deng2012imagenet,
  title = {Imagenet large scale visual recognition competition (ILSVRC)},
<<<<<<< HEAD
  author={Jia Deng and Alex Berg and Sanjeev Satheesh and Hao Su and Aditya Khosla and Li Fei-Fei},
  year = {2012},
  month = {}
}

@inproceedings{liu2009recognizing,
  title = {Recognizing realistic actions from videos in the wild},
  author={Jingen Liu and Jiebo Luo and Mubarak Shah},
  booktitle = {Proceedings of the IEEE Conference on Computer Vision and Pattern Recognition (CVPR)},
  year = {2009},
  month ={Jun},
=======
  author = {Deng, Jia and Berg, Alex and Satheesh, Sanjeev and Su, H and Khosla, Aditya and Fei-Fei, L},
  year = {2012}
}





@inproceedings{liu2009recognizing,
  title = {Recognizing realistic actions from videos in the wild},
  author = {Liu, Jingen and Luo, Jiebo and Shah, Mubarak},
  booktitle = {Proceedings of the IEEE Conference on Computer Vision and Pattern Recognition (CVPR)},
  year = {2009},
>>>>>>> refs/remotes/rangarodrigo/master
  address = {Miami, FL},
  pages = {1996--2003},
  organization = {IEEE}
}

@inproceedings{marszalek2009actions,
  title = {Actions in context},
<<<<<<< HEAD
  author={Marcin Marszalek and Ivan Laptev and Cordelia Schmid},
  booktitle = {Proceedings of the IEEE Conference on Computer Vision and Pattern Recognition (CVPR)},
  year = {2009},
  month ={Jun},
=======
  author = {Marszalek, Marcin and Laptev, Ivan and Schmid, Cordelia},
  booktitle = {Proceedings of the IEEE Conference on Computer Vision and Pattern Recognition (CVPR)},
  year = {2009},
>>>>>>> refs/remotes/rangarodrigo/master
  address = {Miami, FL},
  pages = {2929--2936},
  doi = {http://doi.ieeecomputersociety.org/10.1109/CVPRW.2009.5206557},
  organization = {IEEE}
}

@inproceedings{gkioxari2015finding,
  title = {Finding action tubes},
<<<<<<< HEAD
  author={Georgia Gkioxari and Jitendra Malik},
  booktitle = {Proceedings of the IEEE Conference on Computer Vision and Pattern Recognition (CVPR)},
  year = {2015},
  month ={Jun},
=======
  author = {Gkioxari, Georgia and Malik, Jitendra},
  booktitle = {Proceedings of the IEEE Conference on Computer Vision and Pattern Recognition (CVPR)},
  year = {2015},
>>>>>>> refs/remotes/rangarodrigo/master
  address  = {Boston, MA},
  pages = {759--768}
}

@inproceedings{jain2014action,
  title = {Action localization with tubelets from motion},
<<<<<<< HEAD
  author={Mihir Jain and Jan Van Gemert and Herv{\'e} J{\'e}gou and Patrick Bouthemy and Cees Snoek},
  booktitle = {Proceedings of the IEEE Conference on Computer Vision and Pattern Recognition (CVPR)},
  year = {2014},
  month ={Jun},
=======
  author = {Jain, Mihir and Van Gemert, Jan and J{\'e}gou, Herv{\'e} and Bouthemy, Patrick and Snoek, Cees GM},
  booktitle = {Proceedings of the IEEE Conference on Computer Vision and Pattern Recognition (CVPR)},
  year = {2014},
>>>>>>> refs/remotes/rangarodrigo/master
  address  = {Columbus, OH},
  pages = {740--747}
}

@inproceedings{van2015apt,
  title = {APT: Action localization proposals from dense trajectories},
<<<<<<< HEAD
  author={Jan Van Gemert and Mihir Jain and Ella Gati and Cees Snoek},
  booktitle = {British Machine Vision Conference (BMVC)},
  year = {2015},
  address  = {Swansea, GBR},
  month = {Sep},
=======
  author = {van Gemert, J and Jain, Mihir and Gati, Ella and Snoek, C},
  booktitle = {British Machine Vision Conference (BMVC)},
  year = {2015},
  address  = {Swansea, GBR},
>>>>>>> refs/remotes/rangarodrigo/master
  volume = {2},
  pages = {4},
}

@inproceedings{wang2015action,
  title = {Action recognition with trajectory-pooled deep-convolutional descriptors},
<<<<<<< HEAD
  author={Limin Wang and Yu Qiao and Xiaoou Tang},
  booktitle = {Proceedings of the IEEE Conference on Computer Vision and Pattern Recognition (CVPR)},
  year = {2015},
  month ={Jun},
=======
  author = {Wang, Limin and Qiao, Yu and Tang, Xiaoou},
  booktitle = {Proceedings of the IEEE Conference on Computer Vision and Pattern Recognition (CVPR)},
  year = {2015},
>>>>>>> refs/remotes/rangarodrigo/master
  address  = {Boston, MA},
  pages = {4305--4314}
}

@inproceedings{schuldt2004recognizing,
  title = {Recognizing human actions: a local SVM approach},
<<<<<<< HEAD
  author={Christian Schuldt and Ivan Laptev and Barbara Caputo},
  booktitle = {Proceedings of the 17th International Conference on Pattern Recognition (ICPR)},
  year = {2004},
  month = {Aug},
=======
  author = {Schuldt, Christian and Laptev, Ivan and Caputo, Barbara},
  booktitle = {Proceedings of the 17th International Conference on Pattern Recognition (ICPR)},
  year = {2004},
>>>>>>> refs/remotes/rangarodrigo/master
  address  = {Cambridge, GBR},
  volume = {3},
  pages = {32--36}
  %organization = {IEEE}
}

@inproceedings{ke2005efficient,
  title = {Efficient visual event detection using volumetric features},
<<<<<<< HEAD
  author={Yan Ke and Rahul Sukthankar and Martial Hebert},
  booktitle = {Proceedings of the IEEE International Conference on Computer Vision (ICCV)},
  year = {2005},
  month = {Jan},
=======
  author = {Ke, Yan and Sukthankar, Rahul and Hebert, Martial},
  booktitle = {Proceedings of the IEEE International Conference on Computer Vision (ICCV)},
  year = {2005},
>>>>>>> refs/remotes/rangarodrigo/master
  address  = {Beijing, CHN},
  volume = {1},
  pages = {166--173},
  %organization = {IEEE}
}

@inproceedings{shechtman2005space,
  title = {Space-time behavior based correlation},
<<<<<<< HEAD
  author={Eli Shechtman and Michal Irani},
  booktitle = {Proceedings of the IEEE Conference on Computer Vision and Pattern Recognition (CVPR)},
  year = {2005},
  month = {Jun},
=======
  author = {Shechtman, Eli and Irani, Michal},
  booktitle = {Proceedings of the IEEE Conference on Computer Vision and Pattern Recognition (CVPR)},
  year = {2005},
>>>>>>> refs/remotes/rangarodrigo/master
  address  = {San Diego, CA},
  volume = {1},
  pages = {405--412},
  organization = {IEEE}
}

@inproceedings{laptev2008learning,
  title = {Learning realistic human actions from movies},
<<<<<<< HEAD
  author={Ivan Laptev and Marcin Marszalek and Cordelia Schmid and Benjamin Rozenfeld},
  booktitle = {Proceedings of the IEEE Conference on Computer Vision and Pattern Recognition (CVPR)},
  year = {2008},
  month = {Jun},
=======
  author = {Laptev, Ivan and Marszalek, Marcin and Schmid, Cordelia and Rozenfeld, Benjamin},
  booktitle = {Proceedings of the IEEE Conference on Computer Vision and Pattern Recognition (CVPR)},
  year = {2008},
>>>>>>> refs/remotes/rangarodrigo/master
  address  = {Anchorage, AL},
  pages = {1--8},
  organization = {IEEE}
}

@inproceedings{simonyan2014two,
  title = {Two-stream convolutional networks for action recognition in videos},
<<<<<<< HEAD
  author={Karen Simonyan and Andrew Zisserman},
  booktitle = {Advances in Neural Information Processing Systems},
  year = {2014},
  month = {Dec},
=======
  author = {Simonyan, Karen and Zisserman, Andrew},
  booktitle = {Advances in Neural Information Processing Systems},
  year = {2014},
>>>>>>> refs/remotes/rangarodrigo/master
  address  = {Montreal, CAN},
  pages = {568--576}
}


@article{feichtenhofer2016convolutional,
  title = {Convolutional Two-Stream Network Fusion for Video Action Recognition},
<<<<<<< HEAD
  author={Christoph Feichtenhofer and Axel  Pinz and Andrew Zisserman},
  journal = {Computing Research Repository (CoRR)},
  volume = {abs/1604.06573},
  year = {2016},
  month = {Apr},
=======
  author = {Feichtenhofer, Christoph and Pinz, Axel and Zisserman, Andrew},
  journal = {Computing Research Repository (CoRR)},
  volume = {abs/1604.06573},
  year = {2016},
>>>>>>> refs/remotes/rangarodrigo/master
  doi  = {arXiv preprint arXiv:1604.06573},
}

@article{ji20133d,
  title = {3D convolutional neural networks for human action recognition},
<<<<<<< HEAD
  author={Shuiwang Ji and Wei Xu and Ming Yang and Kai Yu},
  %journal = {IEEE_J_PAMI},
  journal = {IEEE Transactions on Pattern Recognition and Machine Intelligence},
  year = {2013},
  month = {Jan},
  volume = {35},
  number = {1},
  pages = {221--231},
  doi = {10.1109/TPAMI.2012.59},
  keywords = {Deep learning, convolutional neural networks, 3D convolution, model combination, action recognition}
=======
  author = {Ji, Shuiwang and Xu, Wei and Yang, Ming and Yu, Kai},
  %journal = {IEEE_J_PAMI},
  journal = {IEEE Tensactions on Pattern Recognition and Machine Intelligence},
  year = {2013},
  volume = {35},
  number = {1},
  pages = {221--231},
>>>>>>> refs/remotes/rangarodrigo/master
  %publisher = {IEEE}
}


@inproceedings{tran2015learning,
  title = {Learning spatiotemporal features with 3d convolutional networks},
<<<<<<< HEAD
  author={Du Tran and Lubomir Bourdev and Rob Fergus and Lorenzo Torresani and Manohar Paluri},
  booktitle = {Proceedings of the IEEE International Conference on Computer Vision (ICCV)},
  year = {2015},
  month = {Dec},
=======
  author = {Tran, Du and Bourdev, Lubomir and Fergus, Rob and Torresani, Lorenzo and Paluri, Manohar},
  booktitle = {Proceedings of the IEEE International Conference on Computer Vision (ICCV)},
  year = {2015},
>>>>>>> refs/remotes/rangarodrigo/master
  address = {Santiago, CHI},
  pages = {4489--4497},
  %organization = {IEEE}
}


@inproceedings{kim2007human,
  title = {Human action recognition using a modified convolutional neural network},
<<<<<<< HEAD
  author={Ho-Joon Kim and Joseph Lee and Hyun-Seung Yang},
  booktitle = {International Symposium on Neural Networks},
  year = {2007},
  month = {Jun},
=======
  author = {Kim, Ho-Joon and Lee, Joseph S and Yang, Hyun-Seung},
  booktitle = {International Symposium on Neural Networks},
  year = {2007},
>>>>>>> refs/remotes/rangarodrigo/master
  address = {Nanjing, CHN},
  pages = {715--723},
  organization = {Springer}
}

@inproceedings{klaser2008spatio,
  title = {A spatio-temporal descriptor based on 3d-gradients},
<<<<<<< HEAD
  author={Alexander Klaser and Marcin Marsza{\l}ek and Cordelia Schmid},
  booktitle = {British Machine Vision Conference (BMVC)},
  year = {2008},
  month = {Sep},
=======
  author = {Klaser, Alexander and Marsza{\l}ek, Marcin and Schmid, Cordelia},
  booktitle = {British Machine Vision Conference (BMVC)},
  year = {2008},
>>>>>>> refs/remotes/rangarodrigo/master
  address = {Leeds, GBR},
  pages = {275--1},
  organization = {British Machine Vision Association}
}


@inproceedings{yu2010real,
<<<<<<< HEAD
  title = {Real-time Action Recognition by Spatiotemporal Semantic and Structural Forests},
  author={Tsz-Ho Yu and Tae-Kyun Kim and Roberto Cipolla},
  booktitle = {British Machine Vision Conference (BMVC)},
  year = {2010},
  month = {Aug},
=======
  title = {Real-time Action Recognition by Spatiotemporal Semantic and Structural Forests.},
  author = {Yu, Tsz-Ho and Kim, Tae-Kyun and Cipolla, Roberto},
  booktitle = {British Machine Vision Conference (BMVC)},
  year = {2010},
>>>>>>> refs/remotes/rangarodrigo/master
  address = {Aberystwyth, GBR},
  volume = {2},
  number = {5},
  pages = {6}
}


@inproceedings{fernando2015modeling,
  title = {Modeling video evolution for action recognition},
<<<<<<< HEAD
  author={Basura Fernando and Efstratios Gavves and Jose Oramas and Amir Ghodrati and Tinne Tuytelaars},
  booktitle = {Proceedings of the IEEE Conference on Computer Vision and Pattern Recognition (CVPR)},
  address = {Boston, MA},
  year = {2015},
  month= {Jun},
=======
  author = {Fernando, Basura and Gavves, Efstratios and Oramas, Jose M and Ghodrati, Amir and Tuytelaars, Tinne},
  booktitle = {Proceedings of the IEEE Conference on Computer Vision and Pattern Recognition (CVPR)},
  address = {Boston, MA},
  year = {2015},
>>>>>>> refs/remotes/rangarodrigo/master
  pages = {5378--5387}
}

@article{wang2011hidden,
  title = {Hidden part models for human action recognition: Probabilistic versus max margin},
<<<<<<< HEAD
  author={Yang Wang and Greg Mori},
  %journal = {IEEE_J_PAMI},
  journal = {IEEE Tensactions on Pattern Recognition and Machine Intelligence},
  year = {2011},
  month = {Jul},
=======
  author = {Wang, Yang and Mori, Greg},
  %journal = {IEEE_J_PAMI},
  journal = {IEEE Tensactions on Pattern Recognition and Machine Intelligence},
  year = {2011},
>>>>>>> refs/remotes/rangarodrigo/master
  volume = {33},
  number = {7},
  pages = {1310--1323},
  %publisher = {IEEE}
}

@inproceedings{wu2014leveraging,
  title = {Leveraging hierarchical parametric networks for skeletal joints based action segmentation and recognition},
<<<<<<< HEAD
  author={Di Wu and Ling Shao},
  booktitle = {Proceedings of the IEEE Conference on Computer Vision and Pattern Recognition (CVPR)},
  year = {2014},
  month = {Jun},
=======
  author = {Wu, Di and Shao, Ling},
  booktitle = {Proceedings of the IEEE Conference on Computer Vision and Pattern Recognition (CVPR)},
  year = {2014},
>>>>>>> refs/remotes/rangarodrigo/master
  address = {Columbus, OH},
  pages = {724--731}
}

@inproceedings{song2013action,
  title = {Action recognition by hierarchical sequence summarization},
<<<<<<< HEAD
  author={Yale Song and Louis-Philippe Morency and Randall Davis},
  booktitle = {Proceedings of the IEEE Conference on Computer Vision and Pattern Recognition (CVPR)},
  year = {2013},
  month = {Jun},
=======
  author = {Song, Yale and Morency, Louis-Philippe and Davis, Randall},
  booktitle = {Proceedings of the IEEE Conference on Computer Vision and Pattern Recognition (CVPR)},
  year = {2013},
>>>>>>> refs/remotes/rangarodrigo/master
  address = {Portland, OR},
  pages = {3562--3569}
}

@inproceedings{rohrbach2012script,
  title = {Script data for attribute-based recognition of composite activities},
<<<<<<< HEAD
  author={Marcus Rohrbach and Michaela Regneri and Mykhaylo Andriluka and Sikandar Amin and Manfred Pinkal and Bernt Schiele},
  booktitle = {European Conference on Computer Vision (ECCV)},
  year = {2012},
  month = {Oct},
=======
  author = {Rohrbach, Marcus and Regneri, Michaela and Andriluka, Mykhaylo and Amin, Sikandar and Pinkal, Manfred and Schiele, Bernt},
  booktitle = {European Conference on Computer Vision (ECCV)},
  year = {2012},
>>>>>>> refs/remotes/rangarodrigo/master
  address = {Florence, ITA},
  pages = {144--157},
  organization = {Springer}
}

@inproceedings{bhattacharya2014recognition,
  title = {Recognition of complex events: Exploiting temporal dynamics between underlying concepts},
<<<<<<< HEAD
  author={Subhabrata Bhattacharya and Mahdi Kalayeh and Rahul Sukthankar and Mubarak Shah},
  booktitle = {Proceedings of the IEEE Conference on Computer Vision and Pattern Recognition (CVPR)},
  year = {2014},
  month = {Jun},
=======
  author = {Bhattacharya, Subhabrata and Kalayeh, Mahdi M and Sukthankar, Rahul and Shah, Mubarak},
  booktitle = {Proceedings of the IEEE Conference on Computer Vision and Pattern Recognition (CVPR)},
  year = {2014}
>>>>>>> refs/remotes/rangarodrigo/master
  address = {Columbus, OH},
  pages = {2235--2242}
}

@inproceedings{li2013recognizing,
  title = {Recognizing activities via bag of words for attribute dynamics},
<<<<<<< HEAD
  author={Weixin Li and Qian Yu and Harpreet Sawhney and Nuno Vasconcelos},
  booktitle = {Proceedings of the IEEE Conference on Computer Vision and Pattern Recognition (CVPR)},
  year = {2013},
  month = {Jun},
=======
  author = {Li, Weixin and Yu, Qian and Sawhney, Harpreet and Vasconcelos, Nuno},
  booktitle = {Proceedings of the IEEE Conference on Computer Vision and Pattern Recognition (CVPR)},
  year = {2013},
>>>>>>> refs/remotes/rangarodrigo/master
  address = {Portland, OR},
  pages = {2587--2594}
}

@book{jackson1992perspectives,
  title = {Perspectives of nonlinear dynamics},
<<<<<<< HEAD
  author={Atlee Jackson},
=======
  author = {Jackson, E Atlee},
>>>>>>> refs/remotes/rangarodrigo/master
  volume = {1},
  year = {1992},
  publisher = {CUP Archive}
}

@article{kailath1974view,
  title = {A view of three decades of linear filtering theory},
<<<<<<< HEAD
  author={Thomas Kailath},
  %journal = {IEEE_J_IT},
  year = {1974},
  month={Mar},
=======
  author = {Kailath, Thomas},
  %journal = {IEEE_J_IT},
  year = {1974},
>>>>>>> refs/remotes/rangarodrigo/master
  volume = {20},
  number = {2},
  pages = {146--181}
}

@article{hochreiter1997long,
  title = {Long short-term memory},
<<<<<<< HEAD
  author={Sepp Hochreiter and J{\"u}rgen Schmidhuber},
  journal = {Neural Computation},
  year = {1997},
  month= {Nov},
=======
  author = {Hochreiter, Sepp and Schmidhuber, J{\"u}rgen},
  journal = {Neural Computation},
  year = {1997},
>>>>>>> refs/remotes/rangarodrigo/master
  volume = {9},
  number = {8},
  pages = {1735--1780},
  publisher = {MIT Press}
}

@inproceedings{yue2015beyond,
  title = {Beyond short snippets: Deep networks for video classification},
<<<<<<< HEAD
  author={Joe Yue-Hei Ng and Matthew Hausknecht and Sudheendra Vijayanarasimhan and Oriol Vinyals and Rajat Monga and George Toderici},
  booktitle = {Proceedings of the IEEE Conference on Computer Vision and Pattern Recognition (CVPR)},
  year = {2015},
  month = {Jun},
=======
  author = {Yue-Hei Ng, Joe and Hausknecht, Matthew and Vijayanarasimhan, Sudheendra and Vinyals, Oriol and Monga, Rajat and Toderici, George},
  booktitle = {Proceedings of the IEEE Conference on Computer Vision and Pattern Recognition (CVPR)},
  year = {2015},
>>>>>>> refs/remotes/rangarodrigo/master
  address = {Boston, MA},
  pages = {4694--4702}
}


@inproceedings{donahue2015long,
  title = {Long-term recurrent convolutional networks for visual recognition and description},
<<<<<<< HEAD
  author={Jeffrey Donahue and Lisa Anne Hendricks and Sergio Guadarrama and Marcus Rohrbach and Subhashini Venugopalan and Kate Saenko and Trevor Darrell},
  booktitle = {Proceedings of the IEEE Conference on Computer Vision and Pattern Recognition (CVPR)},
  year = {2015},
  month= {Jun},
=======
  author = {Donahue, Jeffrey and Anne Hendricks, Lisa and Guadarrama, Sergio and Rohrbach, Marcus and Venugopalan, Subhashini and Saenko, Kate and Darrell, Trevor},
  booktitle = {Proceedings of the IEEE Conference on Computer Vision and Pattern Recognition (CVPR)},
  year = {2015},
>>>>>>> refs/remotes/rangarodrigo/master
  address = {Boston, MA},
  pages = {2625--2634}

}
